@article{moffat:2000:interpolative,
author = {Moffat, Alistair and Stuiver, Lang},
doi = {10.1023/A:1013002601898},
journal = {Information Retrieval},
number = {1},
pages = {25--47},
title = {{Binary Interpolative Coding for Effective Index Compression}},
volume = {3},
year = {2000}
}

@book{lilja:2000:book,
author = {Lilja, David J.},
doi = {10.1017/CBO9780511612398},
isbn = {9780511612398},
publisher = {Cambridge University Press},
title = {{Measuring Computer Performance: A Practitioner's Guide}},
year = {2000}
}


@misc{boyer:2008:bench,
author = {Boyer, Brent},
title = {{Robust Java benchmarking}},
url = {http://www.ibm.com/developerworks/java/library/j-benchmark1.html},
year = {2008}
}

@inproceedings{errcegovac:2005:vldb,
author = {Ercegovac, Vuk and DeWitt, David J. and Ramakrishnan, Raghu},
booktitle = {Proceedings of the 31st international conference on Very large data bases},
pages = {313--324},
publisher = {VLDB Endowment},
title = {{The TEXTURE benchmark: measuring performance of text queries on a relational DBMS}},
year = {2005}
}

@article{traeger:2008:acm,
author = {Traeger, Avishay and Zadok, Erez and Joukov, Nikolai and Wright, Charles P.},
doi = {10.1145/1367829.1367831},
issn = {15533077},
journal = {ACM Transactions on Storage},
month = {May},
number = {2},
pages = {1--56},
title = {{A nine year study of file system and storage benchmarking}},
volume = {4},
year = {2008}
}

@inproceedings{burton:2009:spinn3r,
  author = "Kevin  Burton and Akshay  Java and Ian  Soboroff",
  title = "{The ICWSM 2009 Spinn3r Dataset}",
  month = "May",
  year = "2009",
  address = "San Jose, CA",
  note = "http://icwsm.org/2009/data/",
  booktitle = "Third Annual Conference on Weblogs and Social Media (ICWSM 2009)",
  publisher = "AAAI",
}

@article{anh:2010:simple64,
author = {Anh, Vo Ngoc and Moffat, Alistair},
doi = {10.1002/spe.948},
issn = {00380644},
journal = {Software: Practice and Experience},
number = {2},
pages = {131--147},
title = {{Index compression using 64-bit words}},
volume = {40},
year = {2010}
}

@inproceedings{rossano:2010:vse,
  author = {Venturini, Rossano and Silvestri, Fabrizio},
  booktitle = {Proceedings of the nineteenth ACM conference on Conference on information and knowledge management- CIKM'10},
  Title = {VSEncoding: Efficient Coding and Fast Decoding of Integer Lists via Dynamic Programming},
  Year = {2010}
}

@inproceedings{buttcher:2007:cikm,
address = {New York, New York, USA},
author = {B\"{u}ttcher, Stefan and Clarke, Charles L. A.},
booktitle = {Proceedings of the sixteenth ACM conference on Conference on information and knowledge management - CIKM '07},
doi = {10.1145/1321440.1321546},
isbn = {9781595938039},
pages = {761--770},
publisher = {ACM Press},
title = {{Index compression is good, especially for random access}},
year = {2007}
}

@inproceedings{goldstein:1998:icde,
address = {Washington, DC, USA},
author = {Goldstein, Jonathan and Ramakrishnan, Raghu and Shaft, Uri},
booktitle = {Proceedings of the 14th International Conference on Data Engineering},
doi = {10.1109/ICDE.1998.655800},
isbn = {0-8186-8289-2},
pages = {370--379},
publisher = {IEEE Computer Society},
title = {{Compressing relations and indexes}},
year = {1998}
}

@inproceedings{boldi:2005:spire,
address = {Berlin, Heidelberg},
author = {Boldi, Paolo and Vigna, Sebastiano},
booktitle = {Proceedings of the 12th International Conference on String Processing and Information Retrieval},
doi = {10.1007/11575832},
editor = {Consens, Mariano and Navarro, Gonzalo},
isbn = {978-3-540-29740-6},
pages = {25--28},
publisher = {Springer Berlin Heidelberg},
series = {Lecture Notes in Computer Science},
title = {{Compressed Perfect Embedded Skip Lists for Quick Inverted-Index Lookups}},
volume = {3772},
year = {2005}
}

@inproceedings{yan:2009:www,
address = {New York, New York, USA},
author = {Yan, Hao and Ding, Shuai and Suel, Torsten},
booktitle = {Proceedings of the 18th international conference on World Wide Web - WWW '09},
doi = {10.1145/1526709.1526764},
isbn = {9781605584874},
pages = {401--410},
publisher = {ACM Press},
title = {{Inverted index compression and query processing with optimized document ordering}},
year = {2009}
}

@inproceedings{Yan:2009:sigir,
 author = {Yan, Hao and Ding, Shuai and Suel, Torsten},
 title = {Compressing term positions in web indexes},
 booktitle = {Proceedings of the 32nd international ACM SIGIR conference on Research and development in information retrieval},
 series = {SIGIR '09},
 year = {2009},
 isbn = {978-1-60558-483-6},
 location = {Boston, MA, USA},
 pages = {147--154},
 numpages = {8},
 url = {http://doi.acm.org/10.1145/1571941.1571969},
 doi = {http://doi.acm.org/10.1145/1571941.1571969},
 acmid = {1571969},
 publisher = {ACM},
 address = {New York, NY, USA},
 keywords = {index compression, inverted index, search engines},
} 

@inproceedings{zhang:2008:www,
address = {New York, New York, USA},
author = {Zhang, Jiangong and Long, Xiaohui and Suel, Torsten},
booktitle = {Proceeding of the 17th international conference on World Wide Web - WWW '08},
doi = {10.1145/1367497.1367550},
isbn = {9781605580852},
pages = {387--396},
publisher = {ACM Press},
title = {{Performance of compressed inverted list caching in search engines}},
year = {2008}
}

@inproceedings{Nzukowski:2006:pfor,
address = {Washington, DC, USA},
author = {Zukowski, M. and Heman, S. and Nes, Niels and Boncz, Peter},
booktitle = {Proceedings of the 22nd International Conference on Data Engineering (ICDE'06)},
doi = {10.1109/ICDE.2006.150},
isbn = {0-7695-2570-9},
keywords = {Compression},
mendeley-tags = {Compression},
pages = {59--59},
publisher = {IEEE Computer Society},
title = {{Super-Scalar RAM-CPU Cache Compression}},
year = {2006}
}

@inproceedings{anh:2004:carryover,
address = {Darlinghurst, Australia, Australia},
author = {Anh, Vo Ngoc and Moffat, Alistair},
booktitle = {Proceedings of the 15th Australasian database conference},
pages = {61--67},
publisher = {Australian Computer Society, Inc.},
title = {{Index Compression using Fixed Binary Codewords}},
volume = {128},
year = {2004}
}

@article{anh:2005:simple9,
 author = {Vo Ngoc Anh and Alistair Moffat},
 title = {{Inverted Index Compression Using Word-Aligned Binary Codes}},
 journal = {Information Retrieval},
 volume = {8},
 number = {1},
 year = {2005},
 issn = {1386-4564},
 pages = {151--166},
 doi = {10.1023/B:INRT.0000048490.99518.5c},
 publisher = {Kluwer Academic Publishers},
 address = {Hingham, MA, USA}
}

@inproceedings{anh:2006:siohttq,
author = {Anh, Vo Ngoc and Moffat, Alistair},
booktitle = {Proceedings of the 13th International Conference of String Processing and Information Retrieval},
doi = {10.1007/11880561\_25},
pages = {304--315},
publisher = {Springer},
title = {{Structured Index Organizations for High-Throughput Text Querying}},
year = {2006}
}
