
@inproceedings{ferragina:2006:www,
address = {New York, New York, USA},
author = {Ferragina, P. and Luccio, F. and Manzini, G. and Muthukrishnan, S.},
booktitle = {Proceedings of the 15th international conference on World Wide Web - WWW '06},
doi = {10.1145/1135777.1135891},
isbn = {1595933239},
pages = {751--760},
publisher = {ACM Press},
title = {{Compressing and searching XML data via two zips}},
year = {2006}
}

@article{salton:1983:ebm,
author = {Salton, Gerard and Fox, Edward A. and Wu, Harry},
doi = {10.1145/182.358466},
issn = {00010782},
journal = {Communications of the ACM},
number = {11},
pages = {1022--1036},
title = {{Extended Boolean information retrieval}},
volume = {26},
year = {1983}
}

@inproceedings{baeza-yates:2007:icde,
author = {Baeza-Yates, Ricardo and Castillo, Carlos and Junqueira, Flavio and Plachouras, Vassilis and Silvestri, Fabrizio},
booktitle = {Proceedings of the 23rd International Conference on Data Engineering},
doi = {10.1109/ICDE.2007.367846},
isbn = {1-4244-0802-4},
pages = {6--20},
publisher = {IEEE},
title = {{Challenges on Distributed Web Retrieval}},
year = {2007}
}


@inproceedings{cheng:2008:falcons,
author = {Cheng, Gong and Ge, Weiyi and Qu, Yuzhong},
booktitle = {Proceeding of the 17th international conference on World Wide Web},
pages = {1101--1102},
publisher = {ACM},
title = {{Falcons: searching and browsing entities on the semantic web}},
year = {2008}
}

@inproceedings{harth:2008:swse, 
author = {Harth, Andreas and Hogan, Aidan and Umbrich, J\"urgen and Decker, Stefan}, 
title = {{SWSE: Objects before documents!}}, 
year = {2008}, 
booktitle = {Proceedings of the Billion Triple Semantic Web Challenge, 7th International Semantic Web Conference}, 
} 

@inproceedings{guha:2003:tap,
author = {Guha, R. and McCool, Rob and Miller, Eric},
booktitle = {Proceedings of the 12th international conference on World Wide Web},
pages = {700--709},
title = {{Semantic search}},
year = {2003}
}


@inproceedings{ding:2005:swoogle,
author = {Ding, Li and Pan, Rong and Finin, Tim and Joshi, Anupam and Peng, Yun and Kolari, Pranam},
booktitle = {Proceedings of the 4th International Semantic Web Conference},
pages = {156--170},
title = {{Finding and Ranking Knowledge on the Semantic Web}},
year = {2005}
}

@inproceedings{theobald:2005:topx,
author = {Theobald, Martin and Schenkel, Ralf and Weikum, Gerhard},
booktitle = {Proceedings of the 31st international conference on Very Large Data Bases},
pages = {625--636},
title = {{An Efficient and Versatile Query Engine for TopX Search}},
year = {2005}
}

@inproceedings{grimsmo:2008:adc,
author = {Grimsmo, Nils},
booktitle = {Proceedings of the nineteenth conference on Australasian database},
pages = {127--135},
title = {{Faster Path Indexes for Search in XML Data}},
year = {2008}
}

@inproceedings{meng:2004:xseq,
address = {New York, New York, USA},
author = {Meng, Xiaofeng and Jiang, Yu and Chen, Yan and Wang, Haixun},
booktitle = {Proceedings of the 2004 ACM SIGMOD international conference on Management of data - SIGMOD '04},
doi = {10.1145/1007568.1007709},
isbn = {1581138598},
pages = {941--942},
publisher = {ACM Press},
title = {{XSeq: an indexing infrastructure for tree pattern queries}},
year = {2004}
}

@inproceedings{roa:2004:prix,
author = {Roa, Praveen and Moon, Bongki},
booktitle = {Proceedings of the 20th International Conference on Data Engineering},
doi = {10.1109/ICDE.2004.1320005},
isbn = {0-7695-2065-0},
pages = {288--299},
publisher = {IEEE Computer Society},
title = {{PRIX: indexing and querying XML using prufer sequences}},
year = {2004}
}


@inproceedings{wang:2003:vist,
address = {New York, New York, USA},
author = {Wang, Haixun and Park, Sanghyun and Fan, Wei and Yu, Philip S.},
booktitle = {Proceedings of the 2003 ACM SIGMOD international conference on on Management of data},
doi = {10.1145/872757.872774},
isbn = {158113634X},
pages = {110--121},
publisher = {ACM Press},
title = {{ViST: a dynamic index method for querying XML data by tree structures}},
year = {2003}
}


@inproceedings{wang:2005:vldb,
author = {Wang, Wei and Jiang, Haifeng and Wang, Hongzhi and Lin, Xuemin and Lu, Hongjun and Li, Jianzhong},
booktitle = {Proceedings of the 31st international conference on Very Large Data Bases},
pages = {145--156},
title = {{Efficient processing of XML path queries using the disk-based F\&B Index}},
year = {2005}
}

@inproceedings{cooper:2001:vldb,
author = {Cooper, Brian F and Sample, Neal and Franklin, Michael J and Hjaltason, G\'{\i}sli R and Shadmon, Moshe},
booktitle = {Proceedings of the 27th International Conference on Very Large Data Bases},
pages = {341--350},
title = {{A Fast Index for Semistructured Data}},
year = {2001}
}

@inproceedings{goldman:1997:dataguides,
author = {Goldman, Roy and Widom, Jennifer},
booktitle = {Proceedings of the 23rd International Conference on Very Large Data Bases},
pages = {436--445},
title = {{DataGuides: Enabling Query Formulation and Optimization in Semistructured Databases}},
year = {1997}
}


@inproceedings{haixun:2006:icde,
author = {Haixun, Wang and Hao, He and Jun, Yang and Yu, P.S. and Yu, J.X.},
booktitle = {Proceedings of the 22nd International Conference on Data Engineering (ICDE'06)},
doi = {10.1109/ICDE.2006.53},
isbn = {0-7695-2570-9},
pages = {75--75},
publisher = {IEEE},
title = {{Dual Labeling: Answering Graph Reachability Queries in Constant Time}},
year = {2006}
}


@inproceedings{he:2005:cikm,
address = {New York, New York, USA},
author = {He, Hao and Wang, Haixun and Yang, Jun and Yu, Philip S.},
booktitle = {Proceedings of the 14th ACM international conference on Information and knowledge management - CIKM '05},
doi = {10.1145/1099554.1099708},
isbn = {1595931406},
pages = {594--601},
publisher = {ACM Press},
title = {{Compact reachability labeling for graph-structured data}},
year = {2005}
}

@inproceedings{li:2001:vldb,
author = {Li, Quanzhong and Moon, Bongki},
booktitle = {Proceedings of the 27th International Conference on Very Large Data Bases},
keywords = {Indexing Methods,Information Retrieval,Labelling Scheme,XML},
pages = {361--370},
title = {{Indexing and Querying XML Data for Regular Path Expressions}},
year = {2001}
}

@inproceedings{craswell:2005:sigir,
address = {New York, NY, USA},
author = {Craswell, Nick and Robertson, Stephen and Zaragoza, Hugo and Taylor, Michael},
booktitle = {Proceedings of the 28th annual international ACM SIGIR conference on Research and development in information retrieval},
pages = {416--423},
publisher = {ACM},
title = {{Relevance weighting for query independent evidence}},
year = {2005}
}

@article{wang:2009:semplore,
author = {Wang, Haofen and Liu, Qiaoling and Penin, Thomas and Fu, Linyun and Zhang, Lei and Tran, Thanh and Yu, Yong and Pan, Yue},
journal = {Web Semantics: Science, Services and Agents on the World Wide Web},
number = {3},
pages = {177--188},
title = {{Semplore: A scalable IR approach to search the Web of Data}},
volume = {7},
year = {2009}
}

@article{jones:1972:idf,
author = {{Sparck Jones}, Karen},
file = {:home/renaud/Documents/Scientific/Information Retrieval/A statistical interpretation of term specificity and its application in retrieval.pdf:pdf},
journal = {Journal of Documentation},
keywords = {Information Retrieval,Query Ranking,Term Weighting},
mendeley-tags = {Information Retrieval,Query Ranking,Term Weighting},
number = {1},
pages = {11--21},
title = {{A statistical interpretation of term specificity and its application in retrieval}},
volume = {28},
year = {1972}
}

@inproceedings{robertson:2004:bm25f,
address = {New York, New York, USA},
author = {Robertson, Stephen and Zaragoza, Hugo and Taylor, Michael},
booktitle = {Proceedings of the Thirteenth ACM conference on Information and knowledge management - CIKM '04},
doi = {10.1145/1031171.1031181},
isbn = {1581138741},
pages = {42--49},
publisher = {ACM Press},
title = {{Simple BM25 extension to multiple weighted fields}},
year = {2004}
}

@article{agrawal:2009:claremont,
	author = {Agrawal, Rakesh and Ailamaki, Anastasia and Bernstein, Philip A. and Brewer, Eric A. and Carey, Michael J. and Chaudhuri, Surajit and Doan, Anhai and Florescu, Daniela and Franklin, Michael J. and Garcia-Molina, Hector and Gehrke, Johannes and Gruenwald, Le and Haas, Laura M. and Halevy, Alon Y. and Hellerstein, Joseph M. and Ioannidis, Yannis E. and Korth, Hank F. and Kossmann, Donald and Madden, Samuel and Magoulas, Roger and Ooi, Beng Chin and O'Reilly, Tim and Ramakrishnan, Raghu and Sarawagi, Sunita and Stonebraker, Michael and Szalay, Alexander S. and Weikum, Gerhard},
	issn = {0001-0782},
	issue = {6},
	journal = {Communications of the ACM},
	keywords = {Database},
	pages = {9},
	title = {{The Claremont report on database research}},
	volume = {52},
	year = {2009}
}

@inproceedings{agrawal:2002:dbxplorer,
	address = {San Jose, California},
	author = {Agrawal, S. and Chaudhuri, S. and Das, G.},
	booktitle = {Proceedings of the 18th International Conference on Data Engineering},
	doi = {10.1109/ICDE.2002.994693},
	isbn = {0-7695-1531-2},
	issn = {1063-6382},
	pages = {5--16},
	publisher = {IEEE Comput. Soc},
	title = {{DBXplorer: a system for keyword-based search over relational databases}},
	year = {2002}
}

@inproceedings{bhalotia:2002:banks,
author = {Bhalotia, G. and Hulgeri, A. and Nakhe, C. and Chakrabarti, S. and Sudarshan, S.},
booktitle = {Proceedings of the 18th International Conference on Data Engineering},
doi = {10.1109/ICDE.2002.994756},
isbn = {0-7695-1531-2},
pages = {431--440},
publisher = {IEEE Comput. Soc},
title = {{Keyword searching and browsing in databases using BANKS}},
year = {2002}
}

@inproceedings{fletcher:2009:theory-search,
author = {Fletcher, George H. L. and Bussche, Jan Van Den and Gucht, Dirk Van and Vansummeren, Stijn},
booktitle = {Proceedings of the 12th International Conference on Database Theory},
pages = {201----211},
title = {{Towards a theory of search queries}},
year = {2009}
}

@inproceedings{hristidis:2002:discover,
author = {Hristidis, Vagelis and Papakonstantinou, Yannis},
booktitle = {Proceedings of the 28th international conference on Very Large Data Bases},
pages = {670--681},
title = {{Discover: keyword search in relational databases}},
year = {2002}
}

@inproceedings{jagadish:2007:sigmod,
address = {Beijing, China},
author = {Jagadish, H. V. and Chapman, Adriane and Elkiss, Aaron and Jayapandian, Magesh and Li, Yunyao and Nandi, Arnab and Yu, Cong},
booktitle = {Proceedings of the 2007 ACM SIGMOD international conference on Management of data},
pages = {13----24},
title = {{Making database systems usable}},
year = {2007}
}

@inproceedings{liu:2006:sigmod,
address = {Chicago, IL, USA},
author = {Liu, Fang and Yu, Clement and Meng, Weiyi and Chowdhury, Abdur},
booktitle = {Proceedings of the 2006 ACM SIGMOD international conference on Management of data - SIGMOD '06},
doi = {10.1145/1142473.1142536},
isbn = {1595934340},
pages = {563},
publisher = {ACM Press},
title = {{Effective keyword search in relational databases}},
year = {2006}
}

@inproceedings{grimsmo:2008:faster-path,
author = {Grimsmo, Nils},
booktitle = {Proceedings of the nineteenth conference on Australasian database},
pages = {127--135},
title = {{Faster Path Indexes for Search in XML Data}},
year = {2008}
}

@inproceedings{he:2007:blinks,
address = {Beijing, China},
author = {He, Hao and Wang, Haixun and Yang, Jun and Yu, Philip S.},
booktitle = {Proceedings of the 2007 ACM SIGMOD international conference on Management of data - SIGMOD '07},
doi = {10.1145/1247480.1247516},
isbn = {9781595936868},
pages = {305--316},
publisher = {ACM Press},
title = {{BLINKS: ranked keyword searches on graphs}},
year = {2007}
}

@inproceedings{kachiola:2005:vldb,
address = {Trondheim, Norway },
author = {Kacholia, Varun and Pandit, Shashank and Chakrabarti, Soumen and Sudarshan, S. and Desai, Rushi and Karambelkar, Hrishikesh},
booktitle = {Proceedings of the 31st international conference on Very large data bases},
pages = {505--516},
title = {{Bidirectional expansion for keyword search on graph databases}},
year = {2005}
}

@inproceedings{kasneci:2008:naga,
address = {Vancouver, Canada},
author = {Kasneci, Gjergji and Suchanek, Fabian M. and Ifrim, Georgiana and Elbassuoni, Shady and Ramanath, Maya and Weikum, Gerhard},
booktitle = {Proceedings of the 2008 ACM SIGMOD international conference on Management of data - SIGMOD '08},
doi = {10.1145/1376616.1376756},
isbn = {9781605581026},
pages = {1285--1288},
title = {{NAGA: harvesting, searching and ranking knowledge}},
year = {2008}
}

@inproceedings{li:2008:ease,
address = {Vancouver, Canada},
author = {Li, Guoliang and Ooi, Beng Chin and Feng, Jianhua and Wang, Jianyong and Zhou, Lizhu},
booktitle = {Proceedings of the 2008 ACM SIGMOD international conference on Management of data - SIGMOD '08},
doi = {10.1145/1376616.1376706},
isbn = {9781605581026},
pages = {903--914},
title = {{EASE: an effective 3-in-1 keyword search method for unstructured, semi-structured and structured data}},
year = {2008}
}

@inproceedings{liu:2007:xseek,
author = {Liu, Ziyang and Walker, Jeffrey and Chen, Yi},
booktitle = {Proceedings of the 33rd international conference on Very large data bases},
pages = {1330--1333},
title = {{XSeek: a semantic XML search engine using keywords}},
year = {2007}
}

@article{abiteboul:1996:lorel,
author = {Abiteboul, Serge and Quass, Dallan and McHugh, Jason and Widom, Jennifer and Wiener, Janet L.},
doi = {10.1007/s007990050005},
issn = {1432-5012},
issue = {1},
journal = {International Journal on Digital Libraries},
pages = {68--88},
title = {{The Lorel query language for semistructured data}},
volume = {1},
year = {1996}
}

@inproceedings{mandreoli:2009:edbt,
address = {Saint Petersburg, Russia},
author = {Mandreoli, Federica and Martoglia, Riccardo and Villani, Giorgio and Penzo, Wilma},
booktitle = {Proceedings of the 12th International Conference on Extending Database Technology: Advances in Database Technology},
doi = {10.1145/1516360.1516386},
pages = {216----227},
publisher = {ACM},
title = {{Flexible query answering on graph-modeled data}},
year = {2009}
}

@article{dong:2007:sigmod,
address = {New York, New York, USA},
author = {Dong, Xin and Halevy, Alon},
doi = {10.1145/1247480.1247487},
isbn = {9781595936868},
journal = {Proceedings of the 2007 ACM SIGMOD international conference on Management of data - SIGMOD '07},
pages = {43},
publisher = {ACM Press},
title = {{Indexing dataspaces}},
year = {2007}
}

@book{rijsbergen:1979:ir,
	author = {Rijsbergen, C. J. Van},
	publisher = {Butterworth-Heinemann},
	title = {{Information Retrieval, 2nd edition}},
	year = {1979}
}

@book{baeza-yates:1999:modern-ir,
author = {Baeza-Yates, Ricardo A. and Ribeiro-Neto, Berthier},
publisher = {Addison-Wesley Longman Publishing Co., Inc.},
title = {{Modern Information Retrieval}},
year = {1999},
isbn = {0-201-39829-X}
}

@book{manning:2008:intro-ir,
 author = {Christopher D. Manning and Prabhakar Raghavan and Hinrich Schtze},
 title = {Introduction to Information Retrieval},
 year = {2008},
 isbn = {0521865719, 9780521865715},
 publisher = {Cambridge University Press},
 address = {New York, NY, USA},
 }

@book{witten:1999:managing-gigabytes,
 author = {Ian H. Witten and Alistair Moffat and Timothy C. Bell},
 title = {Managing gigabytes (2nd ed.): compressing and indexing documents and images},
 year = {1999},
 isbn = {1-55860-570-3},
 publisher = {Morgan Kaufmann Publishers Inc.},
 address = {San Francisco, CA, USA},
}

@ARTICLE{baeza-yates:1996:hybrid-model,
    author = {Ricardo Baeza-yates},
    title = {An extended model for full-text databases},
    journal = {Journal of Brazilian CS Society},
    year = {1996},
    volume = {3}
}

@article{baeza-yates:1996:icstr,
 author = {Ricardo Baeza-Yates and Gonzalo Navarro},
 title = {Integrating contents and structure in text retrieval},
 journal = {SIGMOD Rec.},
 volume = {25},
 number = {1},
 year = {1996},
 issn = {0163-5808},
 pages = {67--79},
 doi = {http://doi.acm.org/10.1145/381854.381890},
 publisher = {ACM},
 address = {New York, NY, USA},
}

@article{schenkel:2005:xxl,
 author = {Ralf Schenkel and Anja Theobald and Gerhard Weikum},
 title = {{Semantic Similarity Search on Semistructured Data with the XXL Search Engine}},
 journal = {Information Retrieval},
 volume = {8},
 number = {4},
 year = {2005},
 issn = {1386-4564},
 pages = {521--545},
 doi = {10.1007/s10791-005-0746-3},
 publisher = {Kluwer Academic Publishers},
 address = {Hingham, MA, USA},
 }
 
@inproceedings{guo:2003:xrank,
address = {New York, New York, USA},
author = {Guo, Lin and Shao, Feng and Botev, Chavdar and Shanmugasundaram, Jayavel},
doi = {10.1145/872757.872762},
isbn = {158113634X},
booktitle = {Proceedings of the 2003 ACM SIGMOD international conference on on Management of data - SIGMOD '03},
pages = {16--27},
publisher = {ACM Press},
title = {{XRANK: ranked keyword search over XML documents}},
year = {2003}
}
 
@inproceedings{cohen:2003:xsearch,
 author = {Cohen, Sara and Mamou, Jonathan and Kanza, Yaron and Sagiv, Yehoshua},
 title = {{XSEarch: a semantic search engine for XML}},
 booktitle = {Proceedings of the 29th international conference on Very large data bases - VLDB '2003},
 year = {2003},
 isbn = {0-12-722442-4},
 pages = {45--56},
 location = {Berlin, Germany},
 publisher = {VLDB Endowment}
}

@INPROCEEDINGS{sacks-davis:1997:idqsca,
 author = {Ron Sacks-davis and Tuong Dao and James A. Thom and Justin Zobel},
 title = {Indexing documents for queries on structure, content and attributes},
 booktitle = {Proceedings of International Symposium on Digital Media Information Base}, 
 month = {November},
 year = {1997},
 pages = {236--245},
 publisher = {World Scientific}
}

@techreport{beckett:2003:swss-rdbms,
 author = {Dave Beckett and Jan Grant},
 title = {{Semantic Web Scalability and Storage: Mapping Semantic Web Data with RDBMSes}}, 
 type = {{SWAD}-{E}urope deliverable}, 
 institution = {W3C},
 month = {January},
 year = {2003}
}

@inproceedings{harth:2007:yars2,
 author  = {Andreas Harth and J\"urgen Umbrich and Aidan Hogan and Stefan Decker},
 title     = {{YARS2: A Federated Repository for Querying Graph Structured Data from the Web}},
 booktitle = {Proceedings of the 6th International Semantic Web Conference and 2nd Asian Semantic Web Conference},
 volume = {4825},
 publisher = {Springer Verlag}, 
 series    = {Lecture Notes in Computer Science},
 month = {November},
 year      = {2007},
 pages     = {211-224}, 
 isbn      = {978-3-540-76297-3}
}

@inproceedings{baolin:2007:hprd,
  author    = {Liu Baolin and Hu Bo},
  title     = {{HPRD: A High Performance RDF Database}},
  pages     = {364-374},
  booktitle = {Proceedings of Network and Parallel Computing, IFIP International Conference},
  publisher = {Springer},
  series    = {Lecture Notes in Computer Science},
  volume    = {4672},
  month = {September},
  year      = {2007},
 isbn      = {978-3-540-74783-3}
}

@inproceedings{abadi:2007:sswmvp,
 author = {Daniel J. Abadi and Adam Marcus and Samuel R. Madden and Kate Hollenbach},
 title = {Scalable semantic web data management using vertical partitioning},
 booktitle = {VLDB '07: Proceedings of the 33rd international conference on Very large data bases},
 year = {2007},
 isbn = {978-1-59593-649-3},
 pages = {411--422},
 location = {Vienna, Austria},
 publisher = {VLDB Endowment}
}

@article{moffat:1996:self-indexing,
 author = {Alistair Moffat and Justin Zobel},
 title = {Self-indexing inverted files for fast text retrieval},
 journal = {ACM Trans. Inf. Syst.},
 volume = {14},
 number = {4},
 year = {1996},
 issn = {1046-8188},
 pages = {349--379},
 doi = {10.1145/237496.237497},
 publisher = {ACM},
 address = {New York, NY, USA},
}

@article{zobel:2006:inverted-files,
 author = {Justin Zobel and Alistair Moffat},
 title = {Inverted files for text search engines},
 journal = {ACM Computer Surveys},
 volume = {38},
 number = {2},
 year = {2006},
 issn = {0360-0300},
 pages = {6},
 doi = {10.1145/1132956.1132959},
 publisher = {ACM},
 address = {New York, NY, USA}
}

