@inproceedings{buttcher:2007:cikm,
address = {New York, New York, USA},
author = {B\"{u}ttcher, Stefan and Clarke, Charles L. A.},
booktitle = {Proceedings of the sixteenth ACM conference on Conference on information and knowledge management - CIKM '07},
doi = {10.1145/1321440.1321546},
isbn = {9781595938039},
pages = {761--770},
publisher = {ACM Press},
title = {{Index compression is good, especially for random access}},
year = {2007}
}

@inproceedings{chierichetti:08,
 author = {Chierichetti, Flavio and Lattanzi, Silvio and Mari, Federico and Panconesi, Alessandro},
 title = {On placing skips optimally in expectation},
 booktitle = {WSDM '08: Proceedings of the international conference on Web search and web data mining},
 year = {2008},
 isbn = {978-1-59593-927-9},
 pages = {15--24},
 location = {Palo Alto, California, USA},
 doi = {http://doi.acm.org/10.1145/1341531.1341537},
 publisher = {ACM},
 address = {New York, NY, USA},
 }
 
@ARTICLE{messeguer:skiptrees:1997,
author = "Xavier Messeguer",
title = "Skip Trees, an Alternative Data Structure to Skip Lists in a Concurrent Approach",
journal = "ITA",
pages = {251-269},
year = {1997}
}

@inproceedings{zachary:BST:2007,
 author = {Dean, Brian C. and Jones, Zachary H.},
 title = {Exploring the duality between skip lists and binary search trees},
 booktitle = {ACM-SE 45: Proceedings of the 45th annual southeast regional conference},
 year = {2007},
 isbn = {978-1-59593-629-5},
 pages = {395--399},
 location = {Winston-Salem, North Carolina},
 doi = {http://doi.acm.org/10.1145/1233341.1233413},
 publisher = {ACM},
 address = {New York, NY, USA},
}
 
@article{moffat:s64:2010,
 author = {Anh, Vo Ngoc and Moffat, Alistair},
 title = {Index compression using 64-bit words},
 journal = {Softw. Pract. Exper.},
 volume = {40},
 number = {2},
 year = {2010},
 issn = {0038-0644},
 pages = {131--147},
 doi = {http://dx.doi.org/10.1002/spe.v40:2},
 publisher = {John Wiley \& Sons, Inc.},
 address = {New York, NY, USA},
 }

@inproceedings{zukowski:PFOR:2006,
 author = {Zukowski, Marcin and Heman, Sandor and Nes, Niels and Boncz, Peter},
 title = {Super-Scalar RAM-CPU Cache Compression},
 booktitle = {ICDE '06: Proceedings of the 22nd International Conference on Data Engineering},
 year = {2006},
 isbn = {0-7695-2570-9},
 pages = {59},
 doi = {http://dx.doi.org/10.1109/ICDE.2006.150},
 publisher = {IEEE Computer Society},
 address = {Washington, DC, USA},
 }

@INPROCEEDINGS{goldstein:FOR:98,
    author = {Jonathan Goldstein and Raghu Ramakrishnan and Uri Shaft},
    title = {Compressing Relations and Indexes},
    booktitle = {In proceedings of IEEE International Conference on Data Engineering},
    year = {1998},
    pages = {370--379}
}

 @INPROCEEDINGS{boldi:05,
    author = {Paolo Boldi and Sebastiano Vigna},
    title = {Compressed perfect embedded skip lists for quick inverted-index lookups},
    booktitle = {In Proc. SPIRE 2005, Lecture Notes in Computer Science},
    year = {2005},
    pages = {25--28},
    publisher = {Springerâ€“Verlag}
}

@article{pugh:90,
 author = {Pugh, William},
 title = {Skip lists: a probabilistic alternative to balanced trees},
 journal = {Commun. ACM},
 volume = {33},
 number = {6},
 year = {1990},
 issn = {0001-0782},
 pages = {668--676},
 doi = {http://doi.acm.org/10.1145/78973.78977},
 publisher = {ACM},
 address = {New York, NY, USA},
 }

 @book{manning:08,
 author = {Manning, Christopher D. and Raghavan, Prabhakar and Schtze, Hinrich},
 title = {Introduction to Information Retrieval},
 year = {2008},
 isbn = {0521865719, 9780521865715},
 publisher = {Cambridge University Press},
 address = {New York, NY, USA},
 }
 
 @article{moffat:96,
 author = {Moffat, Alistair and Zobel, Justin},
 title = {Self-indexing inverted files for fast text retrieval},
 journal = {ACM Trans. Inf. Syst.},
 volume = {14},
 number = {4},
 year = {1996},
 issn = {1046-8188},
 pages = {349--379},
 doi = {http://doi.acm.org/10.1145/237496.237497},
 publisher = {ACM},
 address = {New York, NY, USA},
 }
 