
@article{abiteboul:1997:lorel,
author = {Abiteboul, Serge and Quass, Dallan and McHugh, Jason and Widom, Jennifer and Wiener, Janet L.},
doi = {10.1007/s007990050005},
issn = {1432-5012},
journal = {International Journal on Digital Libraries},
number = {1},
pages = {68--88},
title = {{The Lorel query language for semistructured data}},
volume = {1},
year = {1997}
}


@inproceedings{quass:1996:lore,
address = {New York, New York, USA},
author = {Quass, Dallan and Abiteboul, Serge and Ullman, Jeff and Wiener, Janet and Widom, Jennifer and Goldman, Roy and Haas, Kevin and Luo, Qingshan and McHugh, Jason and Nestorov, Svetlozar and Rajaraman, Anand and Rivero, Hugo},
booktitle = {Proceedings of the 1996 ACM SIGMOD international conference on Management of data - SIGMOD '96},
doi = {10.1145/233269.280355},
isbn = {0897917944},
pages = {549},
publisher = {ACM Press},
title = {{LORE: a Lightweight Object REpository for semistructured data}},
year = {1996}
}

@inproceedings{chawathe:1994:tsimmis,
author = {Chawathe, Sudarshan S. and Garcia-Molina, Hector and Hammer, Joachim and Ireland, Kelly and Papakonstantinou, Yannis and {D. Ullman}, Jeffrey and Widom, Jennifer},
booktitle = {Proceedings of 10th Anniversary Meeting of the Information Processing Society of Japan},
pages = {7--18},
title = {{The TSIMMIS Project: Integration of Heterogeneous Information Sources}},
year = {1994}
}

@inproceedings{papakonstantinou:1995:oem,
author = {Papakonstantinou, Y. and Garcia-Molina, H. and Widom, J.},
booktitle = {Proceedings of the Eleventh International Conference on Data Engineering},
doi = {10.1109/ICDE.1995.380386},
isbn = {0-8186-6910-1},
pages = {251--260},
publisher = {IEEE Comput. Soc. Press},
title = {{Object exchange across heterogeneous information sources}},
year = {1995}
}

@article{florescu:2005:queue,
author = {Florescu, Daniela},
doi = {10.1145/1103822.1103832},
issn = {15427730},
issue = {8},
journal = {Queue},
month = {October},
pages = {18--24},
title = {{Managing semi-structured data}},
volume = {3},
year = {2005}
}

@inproceedings{abiteboul:1997:icdt,
author = {Abiteboul, Serge},
booktitle = {Proceedings of the 6th International Conference on Database Theory},
pages = {1--18},
title = {{Querying Semi-Structured Data}},
year = {1997}
}

@inproceedings{halevy:2006:dataspaces,
address = {Chicago, IL, USA},
author = {Halevy, Alon and Franklin, Michael and Maier, David},
booktitle = {Proceedings of the twenty-fifth ACM SIGMOD-SIGACT-SIGART symposium on Principles of database systems},
title = {{Principles of dataspace systems}},
year = {2006}
}

@techreport{bray:2008:xml10,
  author = {Tim Bray and Jean Paoli and C. Michael Sperberg-McQueen and Eve Maler and Fran\c{c}ois Yergeau},
  title = {{Extensible Markup Language (XML) 1.0 (Fifth Edition)}},
  year = 2008,
  month = {November},
  institution = {W3C},
  type = {{W3C} Recommendation}
}

@techreport{fallside:2004:xmlschema,
  author = {David C. Fallside and Priscilla Walmsley},
  type = {{W3C} Recommendation},
  institution = {W3C},
  title = {{XML Schema Part 0: Primer Second Edition}},
  url = {http://www.w3.org/TR/xmlschema-0/},
  year = 2004,
  month = {October}
}

@techreport{walsh:2007:XXD,
 title = {{XQuery} 1.0 and {XPath} 2.0 Data Model ({XDM})},
 author = {Norman Walsh and Mary Fern\'{a}ndez and Ashok Malhotra and Marton Nagy and Jonathan Marsh},
 institution = {W3C},
 month = {January},
 type = {{W3C} Recommendation},
 year = {2007},
 description = {XQuery 1.0 and XPath 2.0 Data Model (XDM) - W3C Bibliography}
} 

@techreport{cowan:2007:infoset,
 title = {{XML Information Set (Second Edition)}},
 author = {John Cowan and Richard Tobin},
 institution = {W3C},
 month = {February},
 type = {{W3C} Recommendation},
 year = {2004}
}

@techreport{klyne:2004:rdf,
  author = {Graham Klyne and Jeremy J. Carroll},
  institution = {W3C},
  type = {{W3C} Recommendation},
  title = {{Resource Description Framework (RDF): Concepts and Abstract Syntax}},
  year = 2004,
  month = {February}
}

@techreport{RDFSemantics,
  author = {Patrick Hayes},
  title = {{RDF} {S}emantics},
  year = {2004},
  type = {{W3C} {R}ecommendation},
  institution = {W3C},
  month = {February},
}

@techreport{motik:2008:OWL1.1,
  title = "{OWL} 1.1 {W}eb {O}ntology {L}anguage: {S}tructural {S}pecification and {F}unctional-{S}tyle {S}yntax",
  author = {B.~Motik and P.~F. Patel-Schneider and I.~Horrocks},
  month = {January},
  type = {{W3C} {W}orking {D}raft},
  institution = {W3C},
  year = {2008}
}

@techreport{bechhofer:2004:OWL,
  title = "{OWL} {W}eb {O}ntology {L}anguage {R}eference",
  author = {S.~Bechhofer and F.~van Harmelen and J.~Hendler and I.~Horrocks and D.~L.~McGuinness and P.~F.~Patel-Schneider and L.~A.~Stein},
  month = {February},
  type = {{W3C} {R}ecommendation},
  institution = {W3C},
  year = {2004}
}

@techreport{brickley:2004:rdfschema,
  author = {Dan Brickley and Ramanathan V. Guha},
  institution = {W3C},
  type = {{W3C} Recommendation},
  title = {{RDF} Vocabulary Description Language 1.0: {RDF} Schema},
  year = 2004,
  month = {February}
}

@techreport{mcguiness:2004:owl,
  author = {Deborah L. McGuinness and Frank van Harmelen},
  institution = {W3C},
  type = {{W3C} Recommendation},
  title = {{OWL Web Ontology Language Overview}},
  year = 2004,
  month = {January}
}

@article{berners-lee:2001:sw,
  author = {Tim Berners-Lee and James Hendler and Ora Lassila},
  journal = {Scientific American},
  number = 5,
  pages = {34-43},
  title = {The Semantic Web},
  volume = 284,
  year = 2001,
  issn = {0036-8733}
}

@techreport{prudhommeaux:2008:sparql,
  author = {Eric Prud'hommeaux and Andy Seaborne},
  institution = {W3C},
  type = {{W3C} Recommendation},
  title = {{SPARQL Query Language for RDF}},
  year = 2008,
  month = {January}
}

@techreport{berners-lee:1996:http,
  author = {Tim Berners-Lee and Roy Thomas Fielding and Henrik Frystyk Nielsen},
  institution = {W3C},
  type = {{RFC} 1945},
  title = {{Hypertext Transfer Protocol -- HTTP/1.0}},
  year = 1996,
  month = {May}
}

@techreport{beckett:2004:rdfxml,
  author = {Dave Beckett},
  institution = {W3C},
  type = {{W3C} Recommendation},
  title = {{RDF/XML Syntax Specification (Revised)}},
  year = 2004,
  month = {February}
}


@techreport{coates:2001:uris,
  author = {Anthony B. Coates and Dan Connolly and Diana Dack and Leslie L. Daigle and Ray Denenberg and Martin J. D\"urst and Paul Grosso and Sandro Hawke and Renato Iannella and Graham Klyne and Larry Masinter and Michael Mealling and Mark Needleman and Norman Walsh},
  institution = {W3C},
  title = {{URIs, URLs, and URNs: Clarifications and Recommendations 1.0}},
  year = 2001,
  month = {September},
}





