
@TechReport{decker:2008:semantic-reality,
  author = 	 {Stefan Decker, Manfred Hauswirth},
  title = 	 "Enabling {N}etworked {K}nowledge",
  institution =  {Digital Enterprise Research Institute},
  year = 	 "2008"
}

@techreport{cyganiak:2007:sitemap-extension,
author = {Cyganiak, Richard and Delbru, Renaud and Tummarello, Giovanni},
institution = {DERI, NUI Galway},
title = {{Semantic Web Crawling: A Sitemap Extension}},
url = {http://sw.deri.org/2007/07/sitemapextension/},
year = {2007}
}

@inproceedings{cyganiak:2008:sitemap,
author = {Cyganiak, Richard and Stenzhorn, Holger and Delbru, Renaud and Decker, Stefan and Tummarello, Giovanni},
booktitle = {Proceedings of the 5th European semantic web conference on The semantic web: research and applications},
issn = {0302-9743},
pages = {690--704},
title = {{Semantic sitemaps: efficient and flexible access to datasets on the semantic web}},
url = {http://portal.acm.org/citation.cfm?id=1789457},
year = {2008}
}


@article{tummarello:2010:sigma,
author = {Tummarello, Giovanni and Cyganiak, Richard and Catasta, Michele and Danielczyk, Scyzmon and Delbru, Renaud and Decker, Stefan},
journal = {Journal of Web Semantics},
title = {{Sig.ma: Live views on the Web of Data}},
year = {2010}
}

@article{dean:2008:mapreduce,
author = {Dean, Jeffrey and Ghemawat, Sanjay},
issn = {0001-0782},
journal = {Communications of the ACM},
number = {1},
pages = {6},
title = {{MapReduce: simplified data processing on large clusters}},
volume = {51},
year = {2008}
}

@inproceedings{chang:2006:bigtable,
author = {Chang, Fay and Dean, Jeffrey and Ghemawat, Sanjay and Hsieh, Wilson C. and Wallach, Deborah A. and Burrows, Mike and Chandra, Tushar and Fikes, Andrew and Gruber, Robert E.},
booktitle = {Proceedings of the 7th USENIX Symposium on Operating Systems Design and Implementation},
pages = {15},
publisher = {USENIX Association},
title = {{Bigtable: A Distributed Storage System for Structured Data}},
year = {2006}
}